@Manual{R-base,
  title = {R: A Language and Environment for Statistical Computing},
  author = {{R Core Team}},
  organization = {R Foundation for Statistical Computing},
  address = {Vienna, Austria},
  year = {2018},
  url = {https://www.R-project.org/},
}
@Manual{R-bookdown,
  title = {bookdown: Authoring Books and Technical Documents with R Markdown},
  author = {Yihui Xie},
  year = {2019},
  note = {R package version 0.13},
  url = {https://CRAN.R-project.org/package=bookdown},
}
@Manual{R-config,
  title = {config: Manage Environment Specific Configuration Values},
  author = {JJ Allaire},
  year = {2018},
  note = {R package version 0.3},
  url = {https://CRAN.R-project.org/package=config},
}
@Manual{R-formatR,
  title = {formatR: Format R Code Automatically},
  author = {Yihui Xie},
  year = {2019},
  note = {R package version 1.7},
  url = {https://CRAN.R-project.org/package=formatR},
}
@Manual{R-ggplot2,
  title = {ggplot2: Create Elegant Data Visualisations Using the Grammar of Graphics},
  author = {Hadley Wickham and Winston Chang and Lionel Henry and Thomas Lin Pedersen and Kohske Takahashi and Claus Wilke and Kara Woo and Hiroaki Yutani},
  year = {2019},
  note = {R package version 3.2.1},
  url = {https://CRAN.R-project.org/package=ggplot2},
}
@Manual{R-knitr,
  title = {knitr: A General-Purpose Package for Dynamic Report Generation in R},
  author = {Yihui Xie},
  year = {2019},
  note = {R package version 1.24},
  url = {https://CRAN.R-project.org/package=knitr},
}
@Manual{R-Quandl,
  title = {Quandl: API Wrapper for Quandl.com},
  author = {{Raymond McTaggart} and {Gergely Daroczi} and {Clement Leung}},
  year = {2019},
  note = {R package version 2.10.0},
  url = {https://CRAN.R-project.org/package=Quandl},
}
@Manual{R-rmarkdown,
  title = {rmarkdown: Dynamic Documents for R},
  author = {JJ Allaire and Yihui Xie and Jonathan McPherson and Javier Luraschi and Kevin Ushey and Aron Atkins and Hadley Wickham and Joe Cheng and Winston Chang and Richard Iannone},
  year = {2019},
  note = {R package version 1.15},
  url = {https://CRAN.R-project.org/package=rmarkdown},
}
@Manual{R-RTransferEntropy,
  title = {RTransferEntropy: Measuring Information Flow Between Time Series with Shannon and
Renyi Transfer Entropy},
  author = {Simon Behrendt and David Zimmermann and Thomas Dimpfl and Franziska Peter},
  year = {2019},
  note = {R package version 0.2.12},
  url = {https://CRAN.R-project.org/package=RTransferEntropy},
}
@Manual{R-scales,
  title = {scales: Scale Functions for Visualization},
  author = {Hadley Wickham},
  year = {2018},
  note = {R package version 1.0.0},
  url = {https://CRAN.R-project.org/package=scales},
}
